<?xml version="1.0" encoding="utf-8"?>
<Env:ResponsePayload xmlns:Env="BayteqBusinessEnvelope"  xmlns:Ah="urn:iso:std:iso:20022:tech:xsd:head.001.001.01" xmlns:Doc="urn:iso:std:iso:20022:tech:xsd:camt.052.001.07">
	<Ah:AppHdr>
		<!--From: Datos del Origen-->
		<Ah:Fr>
			<!--Organisation Identification: Identifica la entidad de Origen-->
			<Ah:OrgId>
				<!--**OPCIONAL Name: Nombre de la entidad de Origen (1 a 140)-->
				<Ah:Nm>CACPECO</Ah:Nm>
				<!--Identification: Identificación de la entidad de Origen-->
				<Ah:Id>
					<!--Organisation Identification: Id de Organización-->
					<Ah:OrgId>
						<!--Business Identifier Code (BIC): Código de la organización (Expresión "[A-Z]{6,6}[A-Z2-9][A-NP-Z0-9]([A-Z0-9]{3,3}){0,1}" )-->
						<Ah:AnyBIC>CACPCO01001</Ah:AnyBIC>
					</Ah:OrgId>
				</Ah:Id>
			</Ah:OrgId>
		</Ah:Fr>

		<!--From: Datos del Destino-->
		<Ah:To>
			<!--Organisation Identification: Identifica al Destino-->
			<Ah:OrgId>
				<!--OPCIONAL Name: Nombre del destino (1 a 140)-->
				<Ah:Nm>CDC</Ah:Nm>
				<!--Identification: Identificación de la entidad de Destino-->
				<Ah:Id>
					<!--Organisation Identification: Id de Organización-->
					<Ah:OrgId>
						<!--Business Identifier Code (BIC): Código de la organización (Expresión "[A-Z]{6,6}[A-Z2-9][A-NP-Z0-9]([A-Z0-9]{3,3}){0,1}" )-->
						<Ah:AnyBIC>CDCBTQ99123</Ah:AnyBIC>
					</Ah:OrgId>
				</Ah:Id>
			</Ah:OrgId>
		</Ah:To>

		<!--Business Message Identifier: Indentificador del mensaje, proporcianada por quien envia (1-35)-->
		<Ah:BizMsgIdr>893274987</Ah:BizMsgIdr>

		<!--Message Definition Identifier: Código identificador del mensaje. Ej: camt.001.001.03 (1-35)-->
		<Ah:MsgDefIdr>camt.052.001.07</Ah:MsgDefIdr>

		<!-- Business Service: Especifica el servicio acordado entre Origen y Destino
			QUERY_ACCOUNTS: Consulta de cuentas: Ahorros, Plazo fijo y corrientes; con su identificador, saldo disponible y saldo contable
			QUERY_ACCOUNT_MOVEMENTS: Consulta de movimientos de cuentas: detalle si es crédito o débito, valor, texto descriptivo, estado (disponible, contabilizado, en proceso legal, etc.)
			QUERY_MOVEMENT_DETAILS: Detalles de movimiento: agencia, origen (cuenta y/o institución), destino (cuenta y/o institución), estado (dispobible)
			QUERY_CREDITS: Consulta los créditos: valor, fecha inicio, fecha fin y tasa de interés
			-->
		<Ah:BizSvc>QUERY_MOVEMENTS_DETAILS</Ah:BizSvc>

		<!--CreationDate: Fecha de creación del mensaje en formato Z (YYYY-MM-DDThh:mm:ssZ)-->
		<Ah:CreDt>2018-07-26T14:49:25Z</Ah:CreDt>

		<!--**OPCIONAL Priority: Prioridad del mensaje. Ej: HIGH-->
		<Ah:Prty>LOW</Ah:Prty>

	</Ah:AppHdr>
	<Doc:Document>
		<!-- Reporte desde el banco hacia el cliente acerca de cuenta -->
		<Doc:BkToCstmrAcctRpt>
			<!-- Group header -->
			<Doc:GrpHdr>
				<!-- ID del mensaje desde la entidad bancaria mejor si es único para cada mensaje-->
				<Doc:MsgId>7648481</Doc:MsgId>
				<!-- Fecha y hora de generación del mensaje -->
				<Doc:CreDtTm>2018-07-26T14:49:25-06:00</Doc:CreDtTm>
				<!-- OPCIONAL, datos del receptor de mensajes -->
				<Doc:MsgRcpt>
					<!-- OPCIONAL, Nombre del Party, en este caso sería de Canal digital de cooperativas -->
					<Doc:Nm>CDC</Doc:Nm>
					<!-- OPCIONAL Identificación de receptor del mensaje -->
					<Doc:Id>
						<!-- Identificación de la organización -->
						<Doc:OrgId>
							<!-- Código de la organización -->
							<Doc:AnyBIC>CDCBTQ99123</Doc:AnyBIC>
						</Doc:OrgId>
					</Doc:Id>
					<!-- Pais de residencia OPCIONAL -->
					<Doc:CtryOfRes>EC</Doc:CtryOfRes>
				</Doc:MsgRcpt>
				<!-- OPCIONAL, Paginación de mensaje -->
				<Doc:MsgPgntn>
					<!-- Numero de pagina -->
					<Doc:PgNb>1</Doc:PgNb>
					<!-- Es esta la última página -->
					<Doc:LastPgInd>true</Doc:LastPgInd>
				</Doc:MsgPgntn>
				<!-- Datos de la Consulta original -->
				<Doc:OrgnlBizQry>
					<!-- Id del mensaje enviado originalmente -->
					<Doc:MsgId>876345834</Doc:MsgId>
					<!-- Nombre identificador del reporte pedido en el request -->
					<Doc:MsgNmId>BankToCustomerAccountReport</Doc:MsgNmId>
					<!-- Fecha en la que el requermiento fue realizado -->
					<Doc:CreDtTm>2018-07-26T14:49:24-06:00</Doc:CreDtTm>
				</Doc:OrgnlBizQry>
			</Doc:GrpHdr>
			<!-- Reporte pedido, pueden existir varios de este elemento -->
			<Doc:Rpt>
				<!-- Identificación del reporte de la cuenta, en caso de ser el mismo nuemro de mensaje se colocará ese, en caso de tener un ID diferente de alguna plataforma de reportes, se colocará ese otro ID -->
				<Doc:Id>87236487</Doc:Id>
				<!-- Paginación -->
				<Doc:RptPgntn>
					<!-- Numero de página -->
					<Doc:PgNb>1</Doc:PgNb>
					<!-- Indicador de última página -->
					<Doc:LastPgInd>true</Doc:LastPgInd>
				</Doc:RptPgntn>
				<!-- Numero secuencial del reporte -->
				<Doc:ElctrncSeqNb>1</Doc:ElctrncSeqNb>
				<!-- OPCIONAL, secuenciales de los registros a reportar, se usa si en el requermiento se envió los secuenciales a consultar -->
				<Doc:RptgSeq>
					<!-- Desde y hasta que secuencial se reporta -->
					<Doc:FrToSeq>
						<!-- Desde que secuencial se reporta -->
						<Doc:FrSeq>1</Doc:FrSeq>
						<!-- Hasta que secuencial se reporta -->
						<Doc:ToSeq>25</Doc:ToSeq>
					</Doc:FrToSeq>
				</Doc:RptgSeq>
				<!-- OPCIONAL, Numero de secuencia legal -->
				<Doc:LglSeqNb>1</Doc:LglSeqNb>
				<!-- OPCIONAL, Fecha de cración del mensaje -->
				<Doc:CreDtTm>2018-09-21T18:13:01-06:00</Doc:CreDtTm>
				<!-- OPCIONAL, fechas en la cualse se presenta en el reporte -->
				<Doc:FrToDt>
					<!-- fecha y hora inicial-->
					<Doc:FrDtTm>2018-10-15T01:01:01-06:00</Doc:FrDtTm>
					<!-- Fecha y hora final-->
					<Doc:ToDtTm>2019-01-25T01:01:01-06:00</Doc:ToDtTm>
				</Doc:FrToDt>
				<!-- Opcional, puede existir más de una instancia del elemento, Entradas de las cuentas-->
				<Doc:Ntry>
					<!-- Opcional, Referencia de la entrada -->
					<Doc:NtryRef>8947593</Doc:NtryRef>
					<!-- Monto de la entrada -->
					<Doc:Amt Ccy="USD">100</Doc:Amt>
					<!-- Indica si es una acreditación (CRDT) o un débito (DEBT)-->
					<Doc:CdtDbtInd>CRDT</Doc:CdtDbtInd>
					<!-- OPCIONAL, Indica si es o no una reversa -->
					<Doc:RvslInd>false</Doc:RvslInd>
					<!-- Estatus de esta entrada en los libros contables de la institución -->
					<Doc:Sts>
						<!-- Código de estatus, puede tomar los siguientes valores:
						BOOK	Booked 
						FUTR	Future 
						INFO	Information 
						PDNG	Pending
						AVBL	Available
						-->
						<Doc:Cd>BOOK</Doc:Cd>
					</Doc:Sts>
					<!-- Detalles de transacción -->
					<Doc:NtryDtls>
						<!-- OPCIONAL, Detalles de la transacción en caso de ser realizadas por BATCH -->
						<Doc:Btch>
							<!-- OPCIONAL, Identificación del mensaje que envió la institución de origen, CHAR(35) -->
							<Doc:MsgId>982379847</Doc:MsgId>
							<!-- OPCIONAL, Identificación del pago, CHAR(35)  -->
							<Doc:PmtInfId>PmtInfId1</Doc:PmtInfId>
							<!-- OPCIONAL, Numero de trasacciones, NUM(15)-->
							<Doc:NbOfTxs>NbOfTxs1</Doc:NbOfTxs>
							<!-- OPCIONAL, Monto total, decimal (####.##)-->
							<Doc:TtlAmt Ccy="USD">0</Doc:TtlAmt>
							<!-- OPCIONAL, Indica si en un crédito o un débito -->
							<Doc:CdtDbtInd>CRDT</Doc:CdtDbtInd>
						</Doc:Btch>
						<!-- OPCIONAL, Puede tener más de un elemento, Detalle de la transacción -->
						<Doc:TxDtls>
							<!-- Identificación detallada de la trasacción -->
							<Doc:Refs>
								<!-- OPCIONAL, Identificador único de este mensaje, CHAR(35) -->
								<Doc:MsgId>9874654</Doc:MsgId>
								<!-- OPCIONAL, ID de Transacción desde el instructor, CHAR(35) -->
								<Doc:TxId>5736483</Doc:TxId>
								<!-- OPCIONAL, ID de treansacción enviado desde la institución instruida, CHAR(35) -->
								<Doc:MndtId>1876382</Doc:MndtId>
								<!-- OPCIONAL, Identificador de cheque, CHAR(35) -->
								<Doc:ChqNb>0073672734</Doc:ChqNb>
								<!-- OPCIONAL, Identificador de cuenta de la institución instruida, CHAR(35) -->
								<Doc:AcctOwnrTxId>9837489237</Doc:AcctOwnrTxId>
								<!-- OPCIONAL, Identificador de cuenta de la institución instructora, CHAR(35) -->
								<Doc:AcctSvcrTxId>12903801928</Doc:AcctSvcrTxId>
								<!-- OPCIONAL, Identificadores propietarios, puede existir varios elementos de estos -->
								<Doc:Prtry>
									<!-- Agencia en la que se hizo la transacción -->
									<Doc:Tp>AGENCY</Doc:Tp>
									<Doc:Ref>MATRIZ</Doc:Ref>
								</Doc:Prtry>
								<Doc:Prtry>
									<!-- Nombre de la institución de origen -->
									<Doc:Tp>INST_ORG</Doc:Tp>
									<Doc:Ref>Cooperativa Unión</Doc:Ref>
								</Doc:Prtry>
								<Doc:Prtry>
									<!-- Nombre de la institución de destino -->
									<Doc:Tp>INST_DEST</Doc:Tp>
									<Doc:Ref>CACPECO</Doc:Ref>
								</Doc:Prtry>
							</Doc:Refs>
							<!-- Monto del detalle de la transacción -->
							<Doc:Amt Ccy="USD">50</Doc:Amt>
						</Doc:TxDtls>
						<!-- OPCIONAL, Puede tener más de un elemento, Detalle de la transacción -->
						<Doc:TxDtls>
							<!-- Identificación detallada de la trasacción -->
							<Doc:Refs>
								<!-- OPCIONAL, Identificador único de este mensaje, CHAR(35) -->
								<Doc:MsgId>9874654</Doc:MsgId>
								<!-- OPCIONAL, ID de Transacción desde el instructor, CHAR(35) -->
								<Doc:TxId>5736483</Doc:TxId>
								<!-- OPCIONAL, ID de treansacción enviado desde la institución instruida, CHAR(35) -->
								<Doc:MndtId>1876382</Doc:MndtId>
								<!-- OPCIONAL, Identificador de cuenta de la institución instruida, CHAR(35) -->
								<Doc:AcctOwnrTxId>9837489237</Doc:AcctOwnrTxId>
								<!-- OPCIONAL, Identificador de cuenta de la institución instructora, CHAR(35) -->
								<Doc:AcctSvcrTxId>12903801928</Doc:AcctSvcrTxId>
								<!-- OPCIONAL, Identificadores propietarios, puede existir varios elementos de estos -->
								<Doc:Prtry>
									<!-- Agencia en la que se hizo la transacción -->
									<Doc:Tp>AGENCY</Doc:Tp>
									<Doc:Ref>MATRIZ</Doc:Ref>
								</Doc:Prtry>
								<Doc:Prtry>
									<!-- Nombre de la institución de origen -->
									<Doc:Tp>INST_ORG</Doc:Tp>
									<Doc:Ref>Cooperativa Unión</Doc:Ref>
								</Doc:Prtry>
								<Doc:Prtry>
									<!-- Nombre de la institución de destino -->
									<Doc:Tp>INST_DEST</Doc:Tp>
									<Doc:Ref>CACPECO</Doc:Ref>
								</Doc:Prtry>
							</Doc:Refs>
							<!-- Monto del detalle de la transacción -->
							<Doc:Amt Ccy="USD">50</Doc:Amt>
						</Doc:TxDtls>
					</Doc:NtryDtls>
				</Doc:Ntry>
			</Doc:Rpt>
		</Doc:BkToCstmrAcctRpt>
	</Doc:Document>	
</Env:ResponsePayload>